<record><leader>00000cas a22000007a 4500</leader><controlfield tag="001">11985072</controlfield><controlfield tag="008">850501d187u1uuualuwr ne      0    0eng d</controlfield><datafield ind1=" " ind2=" " tag="010"><subfield code="a">sn 85044602 </subfield></datafield><datafield ind1=" " ind2=" " tag="040"><subfield code="a">ALM</subfield><subfield code="b">eng</subfield><subfield code="c">ALM</subfield><subfield code="d">CPN</subfield><subfield code="d">OCLCQ</subfield></datafield><datafield ind1=" " ind2=" " tag="042"><subfield code="a">msc</subfield></datafield><datafield ind1="0" ind2=" " tag="130"><subfield code="a">Ledger (Union Springs, Ala.)</subfield></datafield><datafield ind1="1" ind2="4" tag="245"><subfield code="a">The Ledger.</subfield></datafield><datafield ind1="1" ind2="7" tag="246"><subfield code="a">Weekly ledger</subfield></datafield><datafield ind1="1" ind2="7" tag="246"><subfield code="a">Union Springs ledger</subfield></datafield><datafield ind1=" " ind2=" " tag="260"><subfield code="a">Union Springs, Ala. :</subfield><subfield code="b">W.W. Wynn</subfield></datafield><datafield ind1=" " ind2=" " tag="300"><subfield code="a">v. :</subfield><subfield code="b">ill. ;</subfield><subfield code="c">54 cm.</subfield></datafield><datafield ind1=" " ind2=" " tag="310"><subfield code="a">Weekly</subfield></datafield><datafield ind1=" " ind2=" " tag="500"><subfield code="a">Editor: R.H. Powell.</subfield></datafield><datafield ind1=" " ind2=" " tag="525"><subfield code="a">Unnumbered supplement issued Dec. 28, 1874.</subfield></datafield><datafield ind1=" " ind2=" " tag="588"><subfield code="a">Description based on: Vol. 1, no. 3 (June 26, 1874).</subfield></datafield><datafield ind1="1" ind2=" " tag="700"><subfield code="a">Powell, R. H.</subfield></datafield><datafield ind1=" " ind2=" " tag="752"><subfield code="a">United States</subfield><subfield code="b">Alabama</subfield><subfield code="c">Bullock</subfield><subfield code="d">Union Springs.</subfield></datafield><datafield ind1="1" ind2=" " tag="029"><subfield code="a">AU@</subfield><subfield code="b">000025828026</subfield></datafield></record>